@INPROCEEDINGS{gori2005GNN,
author={M. {Gori} and G. {Monfardini} and F. {Scarselli}},
booktitle={Proceedings. 2005 IEEE International Joint Conference on Neural Networks.},
title={A new model for learning in graph domains},
year={},
volume={},
number={},
pages={},
keywords={data structures;graph theory;neural nets;learning (artificial intelligence);graphical data structures;graph neural network;recursive neural networks;learning algorithm;Neural networks;Focusing;Application software;Machine learning;Recurrent neural networks;Encoding;Data structures;Machine learning algorithms;Tree graphs;Software engineering},
doi={10.1109/IJCNN.2005.1555942},
ISSN={2161-4407},
month={July},}

@article{scarselli2009GNN,
 author = {Scarselli, Franco and Gori, Marco and Tsoi, Ah Chung and Hagenbuchner, Markus and Monfardini, Gabriele},
 title = {The Graph Neural Network Model},
 journal = {Trans. Neur. Netw.},
 issue_date = {January 2009},
 volume = {20},
 number = {1},
 month = jan,
 year = {2009},
 issn = {1045-9227},
 pages = {61--80},
 numpages = {20},
 url = {http://dx.doi.org/10.1109/TNN.2008.2005605},
 doi = {10.1109/TNN.2008.2005605},
 acmid = {1657482},
 publisher = {IEEE Press},
 address = {Piscataway, NJ, USA},
 keywords = {Graphical domains, graph neural networks (GNNs), graph processing, graphical domains, recursive neural networks},
}

@article{shervashidze2011WeisfeilerLehmanGK,
  title={Weisfeiler-Lehman Graph Kernels},
  author={Nino Shervashidze and Pascal Schweitzer and Erik Jan van Leeuwen and Kurt Mehlhorn and Karsten M. Borgwardt},
  journal={J. Mach. Learn. Res.},
  year={2011},
  volume={12},
  pages={2539-2561}
}

@misc{kipf2016semisupervised,
    title={Semi-Supervised Classification with Graph Convolutional Networks},
    author={Thomas N. Kipf and Max Welling},
    year={2016},
    eprint={1609.02907},
    archivePrefix={arXiv},
    primaryClass={cs.LG}
}

@misc{gilmer2017neural,
    title={Neural Message Passing for Quantum Chemistry},
    author={Justin Gilmer and Samuel S. Schoenholz and Patrick F. Riley and Oriol Vinyals and George E. Dahl},
    year={2017},
    eprint={1704.01212},
    archivePrefix={arXiv},
    primaryClass={cs.LG}
}

@misc{velikovi2017graphattention,
    title={Graph Attention Networks},
    author={Petar Veličković and Guillem Cucurull and Arantxa Casanova and Adriana Romero and Pietro Liò and Yoshua Bengio},
    year={2017},
    eprint={1710.10903},
    archivePrefix={arXiv},
    primaryClass={stat.ML}
}

@misc{wang2017nonlocal,
    title={Non-local Neural Networks},
    author={Xiaolong Wang and Ross Girshick and Abhinav Gupta and Kaiming He},
    year={2017},
    eprint={1711.07971},
    archivePrefix={arXiv},
    primaryClass={cs.CV}
}

@misc{battaglia2018relational,
    title={Relational inductive biases, deep learning, and graph networks},
    author={Peter W. Battaglia et al.},
    year={2018},
    eprint={1806.01261},
    archivePrefix={arXiv},
    primaryClass={cs.LG}
}

@misc{kipf2018neural,
    title={Neural Relational Inference for Interacting Systems},
    author={Thomas Kipf and Ethan Fetaya and Kuan-Chieh Wang and Max Welling and Richard Zemel},
    year={2018},
    eprint={1802.04687},
    archivePrefix={arXiv},
    primaryClass={stat.ML}
}

@misc{xu2019powerful,
    title={How Powerful are Graph Neural Networks?},
    author={Keyulu Xu and Weihua Hu and Jure Leskovec and Stefanie Jegelka},
    year={2019},
    eprint={1810.00826},
    archivePrefix={arXiv},
    primaryClass={cs.LG}
}

@misc{xu2019neural,
    title={What Can Neural Networks Reason About?},
    author={Keyulu Xu and Jingling Li and Mozhi Zhang and Simon S. Du and Ken-ichi Kawarabayashi and Stefanie Jegelka},
    year={2019},
    eprint={1905.13211},
    archivePrefix={arXiv},
    primaryClass={cs.LG}
}

@misc{wu2019comprehensive,
    title={A Comprehensive Survey on Graph Neural Networks},
    author={Zonghan Wu and Shirui Pan and Fengwen Chen and Guodong Long and Chengqi Zhang and Philip S. Yu},
    year={2019},
    eprint={1901.00596},
    archivePrefix={arXiv},
    primaryClass={cs.LG}
}

